@article{ionescu1949mesures,
  title={Mesures dans les espaces produits},
  author={Ionescu Tulcea, CT},
  journal={Atti Accad. Naz. Lincei Rend},
  volume={7},
  pages={208--211},
  year={1949}
}
@misc{petritis2012,
  author = {Dimitri Petritis},
  title = {Markov chains on measurable spaces},
  month = {April},
  year = {2012},
  note = {Retrieved from \url{https://perso.univ-rennes1.fr/dimitri.petritis/ps/markov.pdf}.}
}
@article{agha2018survey,
  title={A survey of statistical model checking},
  author={Agha, Gul and Palmskog, Karl},
  journal={ACM Transactions on Modeling and Computer Simulation (TOMACS)},
  volume={28},
  number={1},
  pages={1--39},
  year={2018},
  publisher={ACM New York, NY, USA}
}
@inproceedings{bubeck2009online,
  title={Online optimization in X-armed bandits},
  author={Bubeck, S{\'e}bastien and Stoltz, Gilles and Szepesv{\'a}ri, Csaba and Munos, R{\'e}mi},
  booktitle={Advances in Neural Information Processing Systems},
  pages={201--208},
  year={2009}
}