@book{clarke2018model,
  title={Model checking},
  author={Clarke Jr, Edmund M and Grumberg, Orna and Kroening, Daniel and Peled, Doron and Veith, Helmut},
  year={2018},
  publisher={MIT press}
}
@inproceedings{henriques2012statistical,
  title={Statistical model checking for Markov decision processes},
  author={Henriques, David and Martins, Joao G and Zuliani, Paolo and Platzer, Andr{\'e} and Clarke, Edmund M},
  booktitle={2012 Ninth International Conference on Quantitative Evaluation of Systems},
  pages={84--93},
  year={2012},
  organization={IEEE}
}
@article{agha2018survey,
  title={A survey of statistical model checking},
  author={Agha, Gul and Palmskog, Karl},
  journal={ACM Transactions on Modeling and Computer Simulation (TOMACS)},
  volume={28},
  number={1},
  pages={6},
  year={2018},
  publisher={ACM}
}
@inproceedings{sen2019noisy,
  title={Noisy Blackbox Optimization using Multi-fidelity Queries: A Tree Search Approach},
  author={Sen, Rajat and Kandasamy, Kirthevasan and Shakkottai, Sanjay},
  booktitle={The 22nd International Conference on Artificial Intelligence and Statistics},
  pages={2096--2105},
  year={2019}
}
@article{bubeck2011x,
  title={X-armed bandits},
  author={Bubeck, S{\'e}bastien and Munos, R{\'e}mi and Stoltz, Gilles and Szepesv{\'a}ri, Csaba},
  journal={Journal of Machine Learning Research},
  volume={12},
  number={May},
  pages={1655--1695},
  year={2011}
}
@incollection{ciesinski2004probabilistic,
  title={On probabilistic computation tree logic},
  author={Ciesinski, Frank and Gr{\"o}{\ss}er, Marcus},
  booktitle={Validation of Stochastic Systems},
  pages={147--188},
  year={2004},
  publisher={Springer}
}
@inproceedings{kwiatkowska2011prism,
  title={PRISM 4.0: Verification of probabilistic real-time systems},
  author={Kwiatkowska, Marta and Norman, Gethin and Parker, David},
  booktitle={International conference on computer aided verification},
  pages={585--591},
  year={2011},
  organization={Springer}
}
@inproceedings{baier1997symbolic,
  title={Symbolic model checking for probabilistic processes},
  author={Baier, Christel and Clarke, Edmund M and Hartonas-Garmhausen, Vasiliki and Kwiatkowska, Marta and Ryan, Mark},
  booktitle={International Colloquium on Automata, Languages, and Programming},
  pages={430--440},
  year={1997},
  organization={Springer}
}
@inproceedings{herault2004approximate,
  title={Approximate probabilistic model checking},
  author={H{\'e}rault, Thomas and Lassaigne, Richard and Magniette, Fr{\'e}d{\'e}ric and Peyronnet, Sylvain},
  booktitle={International Workshop on Verification, Model Checking, and Abstract Interpretation},
  pages={73--84},
  year={2004},
  organization={Springer}
}
@inproceedings{dehnert2017storm,
  title={A storm is coming: A modern probabilistic model checker},
  author={Dehnert, Christian and Junges, Sebastian and Katoen, Joost-Pieter and Volk, Matthias},
  booktitle={International Conference on Computer Aided Verification},
  pages={592--600},
  year={2017},
  organization={Springer}
}
@inproceedings{legay2016plasma,
  title={Plasma Lab: a modular statistical model checking platform},
  author={Legay, Axel and Sedwards, Sean and Traonouez, Louis-Marie},
  booktitle={International Symposium on Leveraging Applications of Formal Methods},
  pages={77--93},
  year={2016},
  organization={Springer}
}
