@article{golowich2017size,
  title={Size-independent sample complexity of neural networks},
  author={Golowich, Noah and Rakhlin, Alexander and Shamir, Ohad},
  journal={arXiv preprint arXiv:1712.06541},
  year={2017}
}
