@book{Ghosh:2014:DSA,
  title={Distributed systems: an algorithmic approach},
  author={Ghosh, Sukumar},
  year={2014},
  publisher={Chapman and Hall/CRC}
}
@book{lynch1996a,
  title={Distributed algorithms},
  author={Lynch, Nancy A},
  year={1996},
  publisher={Elsevier}
}
