% This file was created with JabRef 2.10.
% Encoding: UTF-8


@Article{Calandra2016,
  Title                    = {Bayesian Optimization for Learning Gaits under Uncertainty},
  Author                   = {Calandra, Roberto and Andr\'e Seyfarth and Peters, Jan and Marc P. Deisenroth},
  Journal                  = {Annals of Mathematics and Artificial Intelligence (AMAI)},
  Year                     = {2016},
  Number                   = {1},
  Pages                    = {5--23},
  Volume                   = {76},

  Doi                      = {10.1007/s10472-015-9463-9},
  ISSN                     = {1573-7470},
  Keywords                 = {Gait Optimization, Bayesian Optimization, Bipedal Locomotion, Optimization},
  Owner                    = {Roberto Calandra},
  Timestamp                = {2015.05.06}
}
@article{lohmiller1998contraction,
  title={On contraction analysis for non-linear systems},
  author={Lohmiller, Winfried and Slotine, Jean-Jacques E},
  journal={Automatica},
  volume={34},
  number={6},
  pages={683--696},
  year={1998},
  publisher={Elsevier}
}
@article{manchester2017control,
  title={Control contraction metrics: Convex and intrinsic criteria for nonlinear feedback design},
  author={Manchester, Ian R and Slotine, Jean-Jacques E},
  journal={IEEE Transactions on Automatic Control},
  year={2017},
  publisher={IEEE}
}
@article{aylward2008stability,
  title={Stability and robustness analysis of nonlinear systems via contraction metrics and SOS programming},
  author={Aylward, Erin M and Parrilo, Pablo A and Slotine, Jean-Jacques E},
  journal={Automatica},
  volume={44},
  number={8},
  pages={2163--2170},
  year={2008},
  publisher={Elsevier}
}
@article{tsukamoto2020robust,
  title={Robust Controller Design for Stochastic Nonlinear Systems via Convex Optimization},
  author={Tsukamoto, Hiroyasu and Chung, Soon-Jo},
  journal={arXiv preprint arXiv:2006.04359},
  year={2020}
}
@inproceedings{leung2017nonlinear,
  title={Nonlinear stabilization via control contraction metrics: A pseudospectral approach for computing geodesics},
  author={Leung, Karen and Manchester, Ian R},
  booktitle={2017 American Control Conference (ACC)},
  pages={1284--1289},
  year={2017},
  organization={IEEE}
}
@inproceedings{jha2018duality,
  title={Duality-based nested controller synthesis from {STL} specifications for stochastic linear systems},
  author={Jha, Susmit and Raj, Sunny and Jha, Sumit Kumar and Shankar, Natarajan},
  booktitle={International Conference on Formal Modeling and Analysis of Timed Systems},
  pages={235--251},
  year={2018},
  organization={Springer}
}
@inproceedings{singh2017robust,
  title={Robust online motion planning via contraction theory and convex optimization},
  author={Singh, Sumeet and Majumdar, Anirudha and Slotine, Jean-Jacques and Pavone, Marco},
  booktitle={2017 IEEE International Conference on Robotics and Automation (ICRA)},
  pages={5883--5890},
  year={2017},
  organization={IEEE}
}
@article{singh2019robust,
  title={Robust Feedback Motion Planning via Contraction Theory},
  author={Singh, Sumeet and Landry, Benoit and Majumdar, Anirudha and Slotine, Jean-Jacques and Pavone, Marco},
  journal={The International Journal of Robotics Research},
  year={2019}
}
@article{liu2019robust,
  title={Robust regression for safe exploration in control},
  author={Liu, Anqi and Shi, Guanya and Chung, Soon-Jo and Anandkumar, Anima and Yue, Yisong},
  journal={arXiv preprint arXiv:1906.05819},
  year={2019}
}
@misc{singh2019robustcode,
title  = {{RobustMP}: Robust Online Motion Planning using Contraction Theory},
author = {Singh, Sumeet and Landry, Benoit and Majumdar, Anirudha and Slotine, Jean-Jacques and Pavone, Marco},
url    = {https://github.com/StanfordASL/RobustMP},
year   = {2019}
}


@inproceedings{mpcPytorch,
  title={Differentiable MPC for end-to-end planning and control},
  author={Amos, Brandon and Jimenez, Ivan and Sacks, Jacob and Boots, Byron and Kolter, J Zico},
  booktitle={Advances in Neural Information Processing Systems},
  year={2018}
}

@inproceedings{tassa2014control,
  title={Control-limited differential dynamic programming},
  author={Tassa, Yuval and Mansard, Nicolas and Todorov, Emo},
  booktitle={IEEE International Conference on Robotics and Automation},
  pages={1168--1175},
  year={2014},
  organization={IEEE}
}
@article{schulman2017proximal,
  title={Proximal policy optimization algorithms},
  author={Schulman, John and Wolski, Filip and Dhariwal, Prafulla and Radford, Alec and Klimov, Oleg},
  journal={arXiv preprint arXiv:1707.06347},
  year={2017}
}
@misc{tianshou,
  author = {Weng, Jiayi and Zhang, Minghao and Duburcq, Alexis and You, Kaichao and Dong, Yan and Su, Hang and Zhu, Jun},
  title = {Tianshou},
  year = {2020},
  publisher = {GitHub},
  journal = {GitHub repository},
  howpublished = {\url{https://github.com/thu-ml/tianshou}},
}
@inproceedings{fazlyab2019efficient,
  title     = {Efficient and Accurate Estimation of Lipschitz Constants for Deep Neural Networks},
  author    = {Fazlyab, Mahyar and Robey, Alexander and Hassani, Hamed and Morari, Manfred and Pappas, George J},
  booktitle = {Advances in Neural Information Processing Systems (NeurIPS)},
  year      = {2019}
}
@article{singh2019learning,
  title={Learning stabilizable nonlinear dynamics with contraction-based regularization},
  author={Singh, Sumeet and Richards, Spencer M and Sindhwani, Vikas and Slotine, Jean-Jacques E and Pavone, Marco},
  journal={arXiv:1907.13122},
  year={2019}
}
@inproceedings{singh2018learning,
  title={Learning stabilizable dynamical systems via control contraction metrics},
  author={Singh, Sumeet and Sindhwani, Vikas and Slotine, Jean-Jacques E and Pavone, Marco},
  booktitle={International Workshop on the Algorithmic Foundations of Robotics},
  pages={179--195},
  year={2018},
  organization={Springer}
}
@article{lei2018distribution,
  title={Distribution-free predictive inference for regression},
  author={Lei, Jing and Gâ€™Sell, Max and Rinaldo, Alessandro and Tibshirani, Ryan J and Wasserman, Larry},
  journal={Journal of the American Statistical Association},
  year={2018},
  publisher={Taylor \& Francis}
}

@inproceedings{bansal2017safe,
  title={Safe sequential path planning of multi-vehicle systems under presence of disturbances and imperfect information},
  author={Bansal, Somil and Chen, Mo and Fisac, Jaime F and Tomlin, Claire J},
  booktitle={American Control Conference},
  year={2017}
}
@inproceedings{ames2014control,
  title={Control barrier function based quadratic programs with application to adaptive cruise control},
  author={Ames, Aaron D and Grizzle, Jessy W and Tabuada, Paulo},
  booktitle={53rd IEEE Conference on Decision and Control},
  pages={6271--6278},
  year={2014},
  organization={IEEE}
}
@inproceedings{chang2019neural,
  title={Neural lyapunov control},
  author={Chang, Ya-Chien and Roohi, Nima and Gao, Sicun},
  booktitle={Advances in Neural Information Processing Systems},
  pages={3245--3254},
  year={2019}
}

@article{khansari2014learning,
  title={Learning control Lyapunov function to ensure stability of dynamical system-based robot reaching motions},
  author={Khansari-Zadeh, S Mohammad and Billard, Aude},
  journal={Robotics and Autonomous Systems},
  year={2014},
  publisher={Elsevier}
}

@inproceedings{fan2018controller,
  title={Controller synthesis made real: reach-avoid specifications and linear dynamics},
  author={Fan, Chuchu and Mathur, Umang and Mitra, Sayan and Viswanathan, Mahesh},
  booktitle={International Conference on Computer Aided Verification},
  pages={347--366},
  year={2018},
  organization={Springer}
}

@inproceedings{kanayama1990stable,
  title={A stable tracking control method for an autonomous mobile robot},
  author={Kanayama, Yutaka and Kimura, Yoshihiko and Miyazaki, Fumio and Noguchi, Tetsuo},
  booktitle={Proceedings., IEEE International Conference on Robotics and Automation},
  pages={384--389},
  year={1990},
  organization={IEEE}
}

@inproceedings{rungger2016scots,
  title={{SCOTS}: A tool for the synthesis of symbolic controllers},
  author={Rungger, Matthias and Zamani, Majid},
  booktitle={Proceedings of the 19th international conference on hybrid systems: Computation and control},
  pages={99--104},
  year={2016}
}

@article{opencv_library,
    author = {Bradski, G.},
    citeulike-article-id = {2236121},
    journal = {Dr. Dobb's Journal of Software Tools},
    keywords = {bibtex-import},
    posted-at = {2008-01-15 19:21:54},
    priority = {4},
    title = {{The OpenCV Library}},
    year = {2000}
}

@inproceedings{nakamura1992nonlinear,
  title={Nonlinear tracking control of autonomous underwater vehicles},
  author={Nakamura, Yoshihiko and Savant, Shrikant},
  booktitle={Proceedings 1992 IEEE International Conference on Robotics and Automation},
  pages={A4--A9},
  year={1992},
  organization={IEEE}
}

@article{paden2016survey,
  title={A survey of motion planning and control techniques for self-driving urban vehicles},
  author={Paden, Brian and {\v{C}}{\'a}p, Michal and Yong, Sze Zheng and Yershov, Dmitry and Frazzoli, Emilio},
  journal={IEEE Transactions on intelligent vehicles},
  volume={1},
  number={1},
  pages={33--55},
  year={2016},
  publisher={IEEE}
}

@article{abdulhamid2018design,
	title={On the Design of Maze Wanderer Robot},
	author={Abdulhamid, Mohanad and Maritim, Kibet},
	journal={Technological Engineering},
	volume={15},
	number={2},
	pages={11--14},
	year={2018},
	publisher={Sciendo}
}

@inproceedings{dutertre2014yices,
	title={Yices 2.2},
	author={Dutertre, Bruno},
	booktitle={International Conference on Computer Aided Verification},
	pages={737--744},
	year={2014},
	organization={Springer}
}

@misc{1808.10703,
	Author = {Atsushi Sakai and Daniel Ingram and Joseph Dinius and Karan Chawla and Antonin Raffin and Alexis Paques},
	Title = {PythonRobotics: a Python code collection of robotics algorithms},
	Year = {2018},
	Eprint = {arXiv:1808.10703},
}

@article{lavalle1998rapidly,
	title={Rapidly-exploring random trees: A new tool for path planning},
	author={LaValle, Steven M},
	year={1998},
	publisher={Citeseer}
}

@misc{ benchmark_env,
	author = {Parasol MP Group, CSE Dept, Texas A\&M University},
	title = {Algorithms \& Applications Group
	Benchmarks }}

@book{o1998computational,
	title={Computational geometry in C},
	author={o'Rourke, Joseph},
	year={1998},
	publisher={Cambridge university press}
}

@article{zamani2011symbolic,
	title={Symbolic models for nonlinear control systems without stability assumptions},
	author={Zamani, Majid and Pola, Giordano and Mazo, Manuel and Tabuada, Paulo},
	journal={IEEE Transactions on Automatic Control},
	volume={57},
	number={7},
	pages={1804--1809},
	year={2011},
	publisher={IEEE}
}

@article{reissig2016feedback,
	title={Feedback refinement relations for the synthesis of symbolic controllers},
	author={Reissig, Gunther and Weber, Alexander and Rungger, Matthias},
	journal={IEEE Transactions on Automatic Control},
	volume={62},
	number={4},
	pages={1781--1796},
	year={2016},
	publisher={IEEE}
}

@book{khalil2002nonlinear,
  title={Nonlinear systems},
  author={Khalil, Hassan K and Grizzle, Jessy W},
  volume={3},
  year={2002},
  publisher={Prentice hall Upper Saddle River, NJ}
}

@article{blavzivc2011novel,
  title={A novel trajectory-tracking control law for wheeled mobile robots},
  author={Bla{\v{z}}i{\v{c}}, Sa{\v{s}}o},
  journal={Robotics and Autonomous Systems},
  volume={59},
  number={11},
  pages={1001--1007},
  year={2011},
  publisher={Elsevier}
}

@inproceedings{herbert2017fastrack,
  title={{FaSTrack}: {A} modular framework for fast and guaranteed safe motion planning},
  author={Herbert, Sylvia L and Chen, Mo and Han, SooJean and Bansal, Somil and Fisac, Jaime F and Tomlin, Claire J},
  booktitle={56th Annual Conference on Decision and Control (CDC)},
  year={2017},
  organization={IEEE}
}

@inproceedings{ames2019control,
  title={Control barrier functions: Theory and applications},
  author={Ames, Aaron D and Coogan, Samuel and Egerstedt, Magnus and Notomista, Gennaro and Sreenath, Koushil and Tabuada, Paulo},
  booktitle={2019 18th European Control Conference (ECC)},
  pages={3420--3431},
  year={2019},
  organization={IEEE}
}

@article{jha2018safe,
  title={Safe autonomy under perception uncertainty using chance-constrained temporal logic},
  author={Jha, Susmit and Raman, Vasumathi and Sadigh, Dorsa and Seshia, Sanjit A},
  journal={Journal of Automated Reasoning},
  volume={60},
  number={1},
  pages={43--62},
  year={2018},
  publisher={Springer}
}

@inproceedings{jha2017telex,
  title={Telex: Passive stl learning using only positive examples},
  author={Jha, Susmit and Tiwari, Ashish and Seshia, Sanjit A and Sahai, Tuhin and Shankar, Natarajan},
  booktitle={International Conference on Runtime Verification},
  pages={208--224},
  year={2017},
  organization={Springer}
}

@inproceedings{jha2018data,
  title={Data Efficient Learning of Robust Control Policies},
  author={Jha, Susmit and Lincoln, Patrick},
  booktitle={2018 56th Annual Allerton Conference on Communication, Control, and Computing (Allerton)},
  pages={856--861},
  year={2018},
  organization={IEEE}
}


@article{vaskov2019towards,
  title={Towards provably not-at-fault control of autonomous robots in arbitrary dynamic environments},
  author={Vaskov, Sean and Kousik, Shreyas and Larson, Hannah and Bu, Fan and Ward, James and Worrall, Stewart and Johnson-Roberson, Matthew and Vasudevan, Ram},
  journal={arXiv preprint arXiv:1902.02851},
  year={2019}
}

@article{tedrake2009lqr,
  title={{LQR-Trees}: Feedback motion planning on sparse randomized trees},
  author={Tedrake, Russ},
  year={2009},
  publisher={MIT Press}
}

@article{majumdar2017funnel,
  title={Funnel libraries for real-time robust feedback motion planning},
  author={Majumdar, Anirudha and Tedrake, Russ},
  journal={The International Journal of Robotics Research},
  volume={36},
  number={8},
  pages={947--982},
  year={2017},
  publisher={Sage Publications Sage UK: London, England}
}

@book{aastrom2010feedback,
  title={Feedback systems: an introduction for scientists and engineers},
  author={{\AA}str{\"o}m, Karl Johan and Murray, Richard M},
  year={2010},
  publisher={Princeton university press}
}

@book{ogata2010modern,
  title={Modern control engineering},
  author={Ogata, Katsuhiko and Yang, Yanjuan},
  volume={5},
  year={2010},
  publisher={Prentice hall Upper Saddle River, NJ}
}

@inproceedings{kuffner2005motion,
  title={Motion planning for humanoid robots},
  author={Kuffner, James and Nishiwaki, Koichi and Kagami, Satoshi and Inaba, Masayuki and Inoue, Hirochika},
  booktitle={Robotics Research. The Eleventh International Symposium},
  pages={365--374},
  year={2005},
  organization={Springer}
}

@article{gonzalez2015review,
  title={A review of motion planning techniques for automated vehicles},
  author={Gonz{\'a}lez, David and P{\'e}rez, Joshu{\'e} and Milan{\'e}s, Vicente and Nashashibi, Fawzi},
  journal={IEEE Transactions on Intelligent Transportation Systems},
  volume={17},
  number={4},
  pages={1135--1145},
  year={2015},
  publisher={IEEE}
}

@article{falcone2007predictive,
  title={Predictive active steering control for autonomous vehicle systems},
  author={Falcone, Paolo and Borrelli, Francesco and Asgari, Jahan and Tseng, Hongtei Eric and Hrovat, Davor},
  journal={IEEE Transactions on control systems technology},
  volume={15},
  number={3},
  pages={566--580},
  year={2007},
  publisher={IEEE}
}

@article{faulwasser2016implementation,
  title={Implementation of nonlinear model predictive path-following control for an industrial robot},
  author={Faulwasser, Timm and Weber, Tobias and Zometa, Pablo and Findeisen, Rolf},
  journal={IEEE Transactions on Control Systems Technology},
  volume={25},
  number={4},
  pages={1505--1511},
  year={2016},
  publisher={IEEE}
}

@inproceedings{mazo2010pessoa,
	title={Pessoa: A tool for embedded controller synthesis},
	author={Mazo, Manuel and Davitian, Anna and Tabuada, Paulo},
	booktitle={International Conference on Computer Aided Verification},
	pages={566--569},
	year={2010},
	organization={Springer}
}

@article{richter2011computational,
  title={Computational complexity certification for real-time MPC with input constraints based on the fast gradient method},
  author={Richter, Stefan and Jones, Colin Neil and Morari, Manfred},
  journal={IEEE Transactions on Automatic Control},
  volume={57},
  number={6},
  pages={1391--1403},
  year={2011},
  publisher={IEEE}
}




@article{sucan2012open,
  title={The open motion planning library},
  author={Sucan, Ioan A and Moll, Mark and Kavraki, Lydia E},
  journal={IEEE Robotics \& Automation Magazine},
  volume={19},
  number={4},
  pages={72--82},
  year={2012},
  publisher={IEEE}
}

@article{chitta2012moveit,
  title={Moveit![ros topics]},
  author={Chitta, Sachin and Sucan, Ioan and Cousins, Steve},
  journal={IEEE Robotics \& Automation Magazine},
  volume={19},
  number={1},
  pages={18--19},
  year={2012},
  publisher={IEEE}
}

@book{lavalle2006planning,
  title={Planning algorithms},
  author={LaValle, Steven M},
  year={2006},
  publisher={Cambridge university press}
}

@article{karaman2010incremental,
  title={Incremental sampling-based algorithms for optimal motion planning},
  author={Karaman, Sertac and Frazzoli, Emilio},
  journal={Robotics Science and Systems VI},
  volume={104},
  number={2},
  year={2010}
}

@inproceedings{ravanbakhsh2016robust,
  title={Robust controller synthesis of switched systems using counterexample guided framework},
  author={Ravanbakhsh, Hadi and Sankaranarayanan, Sriram},
  booktitle={2016 international conference on embedded software (EMSOFT)},
  pages={1--10},
  year={2016},
  organization={IEEE}
}

@inproceedings{kapinski2014simulation,
  title={Simulation-guided lyapunov analysis for hybrid dynamical systems},
  author={Kapinski, James and Deshmukh, Jyotirmoy V and Sankaranarayanan, Sriram and Arechiga, Nikos},
  booktitle={Proceedings of the 17th international conference on Hybrid systems: computation and control},
  pages={133--142},
  year={2014}
}

@article{taylor2019learning,
  title={Learning for safety-critical control with control barrier functions},
  author={Taylor, Andrew and Singletary, Andrew and Yue, Yisong and Ames, Aaron},
  journal={arXiv preprint arXiv:1912.10099},
  year={2019}
}
@article{taylor2019episodic,
  title={Episodic learning with control lyapunov functions for uncertain robotic systems},
  author={Taylor, Andrew J and Dorobantu, Victor D and Le, Hoang M and Yue, Yisong and Ames, Aaron D},
  journal={arXiv:1903.01577},
  year={2019}
}

@article{robey2020learning,
  title={Learning control barrier functions from expert demonstrations},
  author={Robey, Alexander and Hu, Haimin and Lindemann, Lars and Zhang, Hanwen and Dimarogonas, Dimos V and Tu, Stephen and Matni, Nikolai},
  journal={arXiv preprint arXiv:2004.03315},
  year={2020}
}

@article{kavraki1998analysis,
  title={Analysis of probabilistic roadmaps for path planning},
  author={Kavraki, Lydia E and Kolountzakis, Mihail N and Latombe, J-C},
  journal={IEEE Transactions on Robotics and Automation},
  volume={14},
  number={1},
  pages={166--171},
  year={1998},
  publisher={IEEE}
}

@inproceedings{kuffner2000rrt,
  title={RRT-connect: An efficient approach to single-query path planning},
  author={Kuffner, James J and LaValle, Steven M},
  booktitle={Proceedings 2000 ICRA. Millennium Conference. IEEE International Conference on Robotics and Automation. Symposia Proceedings (Cat. No. 00CH37065)},
  volume={2},
  pages={995--1001},
  year={2000},
  organization={IEEE}
}

@article{choi2020reinforcement,
  title={Reinforcement Learning for Safety-Critical Control under Model Uncertainty, using Control Lyapunov Functions and Control Barrier Functions},
  author={Choi, Jason and Casta{\~n}eda, Fernando and Tomlin, Claire J and Sreenath, Koushil},
  journal={arXiv preprint arXiv:2004.07584},
  year={2020}
}

@inproceedings{kousik2017safe,
  title={Safe trajectory synthesis for autonomous driving in unforeseen environments},
  author={Kousik, Shreyas and Vaskov, Sean and Johnson-Roberson, Matthew and Vasudevan, Ram},
  booktitle={Dynamic Systems and Control Conference},
  volume={58271},
  pages={V001T44A005},
  year={2017},
  organization={American Society of Mechanical Engineers}
}

@inproceedings{fan2020fast,
  title={Fast and Guaranteed Safe Controller Synthesis for Nonlinear Vehicle Models},
  author={Fan, Chuchu and Miller, Kristina and Mitra, Sayan},
  booktitle={International Conference on Computer Aided Verification},
  year={2020}
}

@inproceedings{manchester2015unifying,
  title={Unifying classical and optimization-based methods for robot tracking control with control contraction metrics},
  author={Manchester, Ian R and Tang, Justin Z and Slotine, Jean-Jacques E},
  booktitle={International Symposium on Robotics Research (ISRR)},
  pages={1--16},
  year={2015}
}

@inproceedings{manchester2014output,
  title={Output-feedback control of nonlinear systems using control contraction metrics and convex optimization},
  author={Manchester, Ian R and Slotine, Jean-Jacques E},
  booktitle={2014 4th Australian Control Conference (AUCC)},
  pages={215--220},
  year={2014},
  organization={IEEE}
}

@article{polydoros2017survey,
  title={Survey of model-based reinforcement learning: Applications on robotics},
  author={Polydoros, Athanasios S and Nalpantidis, Lazaros},
  journal={Journal of Intelligent \& Robotic Systems},
  volume={86},
  number={2},
  pages={153--173},
  year={2017},
  publisher={Springer}
}

@article{ohnishi2019barrier,
  title={Barrier-certified adaptive reinforcement learning with applications to brushbot navigation},
  author={Ohnishi, Motoya and Wang, Li and Notomista, Gennaro and Egerstedt, Magnus},
  journal={IEEE Transactions on robotics},
  year={2019},
  publisher={IEEE}
}

@inproceedings{deisenroth2011pilco,
  title={PILCO: A model-based and data-efficient approach to policy search},
  author={Deisenroth, Marc and Rasmussen, Carl E},
  booktitle={Proceedings of the 28th International Conference on machine learning (ICML-11)},
  pages={465--472},
  year={2011}
}

@inproceedings{chua2018deep,
  title={Deep reinforcement learning in a handful of trials using probabilistic dynamics models},
  author={Chua, Kurtland and Calandra, Roberto and McAllister, Rowan and Levine, Sergey},
  booktitle={Advances in Neural Information Processing Systems},
  pages={4754--4765},
  year={2018}
}

@article{janson2015fast,
  title={Fast marching tree: A fast marching sampling-based method for optimal motion planning in many dimensions},
  author={Janson, Lucas and Schmerling, Edward and Clark, Ashley and Pavone, Marco},
  journal={The International journal of robotics research},
  volume={34},
  number={7},
  pages={883--921},
  year={2015},
  publisher={SAGE Publications Sage UK: London, England}
}

@article{tondel2003algorithm,
  title={An algorithm for multi-parametric quadratic programming and explicit MPC solutions},
  author={T{\o}Ndel, Petter and Johansen, Tor Arne and Bemporad, Alberto},
  journal={Automatica},
  volume={39},
  number={3},
  pages={489--497},
  year={2003},
  publisher={Elsevier}
}

@book{camacho2013model,
  title={Model predictive control},
  author={Camacho, Eduardo F and Alba, Carlos Bordons},
  year={2013},
  publisher={Springer}
}

@article{anderson2010optimal,
  title={An optimal-control-based framework for trajectory planning, threat assessment, and semi-autonomous control of passenger vehicles in hazard avoidance scenarios},
  author={Anderson, Sterling J and Peters, Steven C and Pilutti, Tom E and Iagnemma, Karl},
  journal={International Journal of Vehicle Autonomous Systems},
  volume={8},
  number={2-4},
  pages={190--216},
  year={2010},
  publisher={Inderscience Publishers}
}

@article{tsukamoto2020neural,
  title={Neural Contraction Metrics for Robust Estimation and Control: A Convex Optimization Approach},
  author={Tsukamoto, Hiroyasu and Chung, Soon-Jo},
  journal={arXiv preprint arXiv:2006.04361},
  year={2020}
}

@book{vovk2005algorithmic,
  title={Algorithmic learning in a random world},
  author={Vovk, Vladimir and Gammerman, Alex and Shafer, Glenn},
  year={2005},
  publisher={Springer Science \& Business Media}
}

@article{kingma2014adam,
  title={Adam: A method for stochastic optimization},
  author={Kingma, Diederik P and Ba, Jimmy},
  journal={arXiv preprint arXiv:1412.6980},
  year={2014}
}

@incollection{richter2016polynomial,
  title={Polynomial trajectory planning for aggressive quadrotor flight in dense indoor environments},
  author={Richter, Charles and Bry, Adam and Roy, Nicholas},
  booktitle={Robotics Research},
  pages={649--666},
  year={2016},
  publisher={Springer}
}

@inproceedings{karaman2011anytime,
  title={Anytime motion planning using the RRT},
  author={Karaman, Sertac and Walter, Matthew R and Perez, Alejandro and Frazzoli, Emilio and Teller, Seth},
  booktitle={2011 IEEE International Conference on Robotics and Automation},
  pages={1478--1483},
  year={2011},
  organization={IEEE}
}

@article{kobilarov2012cross,
  title={Cross-entropy motion planning},
  author={Kobilarov, Marin},
  journal={The International Journal of Robotics Research},
  volume={31},
  number={7},
  pages={855--871},
  year={2012},
  publisher={SAGE Publications Sage UK: London, England}
}

@article{tomlin2003computational,
  title={Computational techniques for the verification of hybrid systems},
  author={Tomlin, Claire J and Mitchell, Ian and Bayen, Alexandre M and Oishi, Meeko},
  journal={Proceedings of the IEEE},
  volume={91},
  number={7},
  pages={986--1001},
  year={2003},
  publisher={IEEE}
}

@inproceedings{gillula2010design,
  title={Design of guaranteed safe maneuvers using reachable sets: Autonomous quadrotor aerobatics in theory and practice},
  author={Gillula, Jeremy H and Huang, Haomiao and Vitus, Michael P and Tomlin, Claire J},
  booktitle={2010 IEEE International Conference on Robotics and Automation},
  pages={1649--1654},
  year={2010},
  organization={IEEE}
}

@article{chen2018decomposition,
  title={Decomposition of reachable sets and tubes for a class of nonlinear systems},
  author={Chen, Mo and Herbert, Sylvia L and Vashishtha, Mahesh S and Bansal, Somil and Tomlin, Claire J},
  journal={IEEE Transactions on Automatic Control},
  volume={63},
  number={11},
  pages={3675--3688},
  year={2018},
  publisher={IEEE}
}

@inproceedings{fridovich2018planning,
  title={Planning, fast and slow: A framework for adaptive real-time safe trajectory planning},
  author={Fridovich-Keil, David and Herbert, Sylvia L and Fisac, Jaime F and Deglurkar, Sampada and Tomlin, Claire J},
  booktitle={2018 IEEE International Conference on Robotics and Automation (ICRA)},
  pages={387--394},
  year={2018},
  organization={IEEE}
}

@inproceedings{huang2011differential,
  title={A differential game approach to planning in adversarial scenarios: A case study on capture-the-flag},
  author={Huang, Haomiao and Ding, Jerry and Zhang, Wei and Tomlin, Claire J},
  booktitle={2011 IEEE International Conference on Robotics and Automation},
  pages={1451--1456},
  year={2011},
  organization={IEEE}
}

@article{prajna2007framework,
  title={A framework for worst-case and stochastic safety verification using barrier certificates},
  author={Prajna, Stephen and Jadbabaie, Ali and Pappas, George J},
  journal={IEEE Transactions on Automatic Control},
  volume={52},
  number={8},
  pages={1415--1428},
  year={2007},
  publisher={IEEE}
}

@inproceedings{barry2012safety,
  title={Safety verification of reactive controllers for UAV flight in cluttered environments using barrier certificates},
  author={Barry, Andrew J and Majumdar, Anirudha and Tedrake, Russ},
  booktitle={2012 IEEE International Conference on Robotics and Automation},
  pages={484--490},
  year={2012},
  organization={IEEE}
}

@incollection{majumdar2013robust,
  title={Robust online motion planning with regions of finite time invariance},
  author={Majumdar, Anirudha and Tedrake, Russ},
  booktitle={Algorithmic foundations of robotics X},
  pages={543--558},
  year={2013},
  publisher={Springer}
}

@article{langson2004robust,
  title={Robust model predictive control using tubes},
  author={Langson, Wilbur and Chryssochoos, Ioannis and Rakovi{\'c}, SV and Mayne, David Q},
  journal={Automatica},
  volume={40},
  number={1},
  pages={125--133},
  year={2004},
  publisher={Elsevier}
}

@article{mayne2005robust,
  title={Robust model predictive control of constrained linear systems with bounded disturbances},
  author={Mayne, David Q and Seron, Mar{\'\i}a M and Rakovi{\'c}, SV},
  journal={Automatica},
  volume={41},
  number={2},
  pages={219--224},
  year={2005},
  publisher={Elsevier}
}

@article{farina2012tube,
  title={Tube-based robust sampled-data MPC for linear continuous-time systems},
  author={Farina, Marcello and Scattolini, Riccardo},
  journal={Automatica},
  volume={48},
  number={7},
  pages={1473--1476},
  year={2012},
  publisher={Elsevier}
}

@inproceedings{kogel2015discrete,
  title={Discrete-time robust model predictive control for continuous-time nonlinear systems},
  author={K{\"o}gel, Markus and Findeisen, Rolf},
  booktitle={2015 American Control Conference (ACC)},
  pages={924--930},
  year={2015},
  organization={IEEE}
}

@article{yu2013tube,
  title={Tube MPC scheme based on robust control invariant set with application to Lipschitz nonlinear systems},
  author={Yu, Shuyou and Maier, Christoph and Chen, Hong and Allg{\"o}wer, Frank},
  journal={Systems \& Control Letters},
  volume={62},
  number={2},
  pages={194--200},
  year={2013},
  publisher={Elsevier}
}

@article{mayne2011tube,
  title={Tube-based robust nonlinear model predictive control},
  author={Mayne, David Q and Kerrigan, Erric C and Van Wyk, EJ and Falugi, Paola},
  journal={International Journal of Robust and Nonlinear Control},
  volume={21},
  number={11},
  pages={1341--1353},
  year={2011},
  publisher={Wiley Online Library}
}

@article{fan2015bounded,
  title={Bounded Verification with On-the-Fly Discrepancy Computation},
  author={Fan, Chuchu and Mitra, Sayan},
  journal={arXiv preprint arXiv:1502.01801},
  year={2015}
}

@article{yang2011reinforcement,
  title={Reinforcement learning controller design for affine nonlinear discrete-time systems using online approximators},
  author={Yang, Qinmin and Jagannathan, Sarangapani},
  journal={IEEE Transactions on Systems, Man, and Cybernetics, Part B (Cybernetics)},
  volume={42},
  number={2},
  pages={377--390},
  year={2011},
  publisher={IEEE}
}

@article{liu2020almost,
  title={Almost Lyapunov functions for nonlinear systems},
  author={Liu, Shenyu and Liberzon, Daniel and Zharnitsky, Vadim},
  journal={Automatica},
  volume={113},
  pages={108758},
  year={2020},
  publisher={Elsevier}
}
